<record><leader>00000cas a22000007i 4500</leader><controlfield tag="001">959877901</controlfield><controlfield tag="008">160712c20169999miumr noo     0   a0eng  </controlfield><datafield ind1=" " ind2=" " tag="010"><subfield code="a">  2016203535</subfield></datafield><datafield ind1=" " ind2=" " tag="040"><subfield code="a">TOH</subfield><subfield code="b">eng</subfield><subfield code="e">rda</subfield><subfield code="c">TOH</subfield><subfield code="d">OCLCF</subfield><subfield code="d">OCLCO</subfield><subfield code="d">DLC</subfield></datafield><datafield ind1=" " ind2=" " tag="012"><subfield code="l">1</subfield></datafield><datafield ind1="0" ind2=" " tag="022"><subfield code="a">2475-5001</subfield><subfield code="2">1</subfield></datafield><datafield ind1=" " ind2=" " tag="037"><subfield code="a">Crain Communications, Inc. 1155 Gratiot Avenue, Detroit, MI  48207</subfield></datafield><datafield ind1=" " ind2=" " tag="042"><subfield code="a">pcc</subfield><subfield code="a">nsdp</subfield></datafield><datafield ind1="1" ind2="0" tag="050"><subfield code="a">ISSN RECORD</subfield></datafield><datafield ind1=" " ind2="4" tag="050"><subfield code="a">HD9710.C2</subfield><subfield code="b">A88 2016</subfield></datafield><datafield ind1="1" ind2="0" tag="082"><subfield code="a">338.476292</subfield><subfield code="2">23</subfield></datafield><datafield ind1=" " ind2="0" tag="222"><subfield code="a">Automotive news. Canada</subfield></datafield><datafield ind1="0" ind2="0" tag="245"><subfield code="a">Automotive news.</subfield><subfield code="p">Canada.</subfield></datafield><datafield ind1="1" ind2=" " tag="246"><subfield code="a">Crain automotive news Canada</subfield></datafield><datafield ind1=" " ind2="1" tag="264"><subfield code="a">[Detroit, MI] :</subfield><subfield code="b">Crain Communications, Inc.,</subfield><subfield code="c">2016-</subfield></datafield><datafield ind1=" " ind2=" " tag="310"><subfield code="a">Monthly</subfield></datafield><datafield ind1=" " ind2=" " tag="336"><subfield code="a">text</subfield><subfield code="b">txt</subfield><subfield code="2">rdacontent</subfield></datafield><datafield ind1=" " ind2=" " tag="337"><subfield code="a">unmediated</subfield><subfield code="b">n</subfield><subfield code="2">rdamedia</subfield></datafield><datafield ind1=" " ind2=" " tag="338"><subfield code="a">volume</subfield><subfield code="b">nc</subfield><subfield code="2">rdacarrier</subfield></datafield><datafield ind1="1" ind2=" " tag="362"><subfield code="a">Began with: July 2016</subfield></datafield><datafield ind1=" " ind2=" " tag="588"><subfield code="a">Description based on surrogate of: July 2016; title from caption.</subfield></datafield><datafield ind1=" " ind2=" " tag="588"><subfield code="a">Latest issue consulted: July 2016 (surrogate).</subfield></datafield><datafield ind1=" " ind2="0" tag="650"><subfield code="a">Automobile industry and trade</subfield><subfield code="z">Canada</subfield><subfield code="v">Statistics</subfield><subfield code="v">Periodicals.</subfield></datafield><datafield ind1=" " ind2="0" tag="650"><subfield code="a">Automobile dealers</subfield><subfield code="z">Canada</subfield><subfield code="v">Periodicals.</subfield></datafield><datafield ind1=" " ind2="0" tag="650"><subfield code="a">Automobiles</subfield><subfield code="x">Marketing</subfield><subfield code="v">Statistics</subfield><subfield code="v">Periodicals.</subfield></datafield><datafield ind1=" " ind2="7" tag="650"><subfield code="a">Automobile dealers.</subfield><subfield code="2">fast</subfield><subfield code="0">(OCoLC)fst00822818</subfield></datafield><datafield ind1=" " ind2="7" tag="650"><subfield code="a">Automobile industry and trade.</subfield><subfield code="2">fast</subfield><subfield code="0">(OCoLC)fst00822961</subfield></datafield><datafield ind1=" " ind2="7" tag="650"><subfield code="a">Automobiles</subfield><subfield code="x">Marketing.</subfield><subfield code="2">fast</subfield><subfield code="0">(OCoLC)fst00823585</subfield></datafield><datafield ind1=" " ind2="7" tag="651"><subfield code="a">Canada.</subfield><subfield code="2">fast</subfield><subfield code="0">(OCoLC)fst01204310</subfield></datafield><datafield ind1=" " ind2="7" tag="655"><subfield code="a">Periodicals.</subfield><subfield code="2">fast</subfield><subfield code="0">(OCoLC)fst01411641</subfield></datafield><datafield ind1=" " ind2="7" tag="655"><subfield code="a">Statistics.</subfield><subfield code="2">fast</subfield><subfield code="0">(OCoLC)fst01423727</subfield></datafield><datafield ind1="0" ind2="8" tag="776"><subfield code="i">Online version:</subfield><subfield code="t">Automotive news. Canada</subfield><subfield code="x">2475-501X</subfield><subfield code="w">(DLC)  2016203534</subfield><subfield code="w">(OCoLC)953453124</subfield></datafield><datafield ind1="4" ind2="1" tag="856"><subfield code="z">Access online</subfield><subfield code="u">http://canada.autonews.com/section/canada</subfield></datafield></record>